
<record>
  <leader>01037cjm a22003131  4500</leader>
  <controlfield tag="001">12051285</controlfield>
  <controlfield tag="005">20000617172625.0</controlfield>
  <controlfield tag="007">sdubmme-------</controlfield>
  <controlfield tag="008">830810n19uu    xx snn                   </controlfield>
  <datafield tag="035" ind1=" " ind2=" ">
    <subfield code="a">(OCoLC)ocm09799613</subfield>
  </datafield>
  <datafield tag="906" ind1=" " ind2=" ">
    <subfield code="a">0</subfield>
    <subfield code="b">cbc</subfield>
    <subfield code="c">copycat</subfield>
    <subfield code="d">3</subfield>
    <subfield code="e">ncip</subfield>
    <subfield code="f">19</subfield>
    <subfield code="g">y-soundrec</subfield>
  </datafield>
  <datafield tag="010" ind1=" " ind2=" ">
    <subfield code="a">   99573702 </subfield>
  </datafield>
  <datafield tag="028" ind1="0" ind2="0">
    <subfield code="a">CAL 396</subfield>
    <subfield code="b">RCA Camden</subfield>
  </datafield>
  <datafield tag="040" ind1=" " ind2=" ">
    <subfield code="a">DLC</subfield>
    <subfield code="c">MBU</subfield>
    <subfield code="d">OCoLC</subfield>
    <subfield code="d">DLC</subfield>
  </datafield>
  <datafield tag="042" ind1=" " ind2=" ">
    <subfield code="a">lcderive</subfield>
  </datafield>
  <datafield tag="050" ind1="0" ind2="0">
    <subfield code="a">RCA Camden CAL 396</subfield>
  </datafield>
  <datafield tag="100" ind1="1" ind2=" ">
    <subfield code="a">Chopin, Frďřic,</subfield>
    <subfield code="d">1810-1849.</subfield>
  </datafield>
  <datafield tag="240" ind1="1" ind2="0">
    <subfield code="a">Sonatas,</subfield>
    <subfield code="m">piano,</subfield>
    <subfield code="n">no. 2, op. 35,</subfield>
    <subfield code="r">Bb minor</subfield>
  </datafield>
  <datafield tag="245" ind1="1" ind2="4">
    <subfield code="a">The Art of Sergei Rachmaninoff.</subfield>
    <subfield code="n">Vol. I.</subfield>
    <subfield code="h">[sound recording]</subfield>
  </datafield>
  <datafield tag="260" ind1=" " ind2=" ">
    <subfield code="b">RCA Camden</subfield>
    <subfield code="c">[n.d.]</subfield>
  </datafield>
  <datafield tag="300" ind1=" " ind2=" ">
    <subfield code="a">1 s.</subfield>
    <subfield code="b">12 in.</subfield>
    <subfield code="c">33 1/3 rpm.</subfield>
    <subfield code="b">microgroove.</subfield>
  </datafield>
  <datafield tag="511" ind1="0" ind2=" ">
    <subfield code="a">Sergei Rachmaninoff, piano.</subfield>
  </datafield>
  <datafield tag="500" ind1=" " ind2=" ">
    <subfield code="a">Program notes by Francis Robinson on slipcase.</subfield>
  </datafield>
  <datafield tag="501" ind1=" " ind2=" ">
    <subfield code="a">With: Schumann, R.A. Carnaval, op. 9.</subfield>
  </datafield>
  <datafield tag="590" ind1=" " ind2=" ">
    <subfield code="a">262 conversion.</subfield>
  </datafield>
  <datafield tag="590" ind1=" " ind2=" ">
    <subfield code="a">305 conversion.</subfield>
  </datafield>
  <datafield tag="650" ind1=" " ind2="0">
    <subfield code="a">Sonatas (Piano)</subfield>
  </datafield>
  <datafield tag="700" ind1="1" ind2=" ">
    <subfield code="a">Rachmaninoff, Sergei,</subfield>
    <subfield code="d">1873-1943.</subfield>
    <subfield code="4">prf</subfield>
  </datafield>
  <datafield tag="985" ind1=" " ind2=" ">
    <subfield code="c">OCLC</subfield>
    <subfield code="e">Claimed Recordings</subfield>
  </datafield>
</record>