
<record>
  <leader>01000njm a22002891a 4500</leader>
  <controlfield tag="001">12054610</controlfield>
  <controlfield tag="005">20000618090535.0</controlfield>
  <controlfield tag="007">sdubsme-------</controlfield>
  <controlfield tag="008">870428s1981    ja snn                   </controlfield>
  <datafield tag="035" ind1=" " ind2=" ">
    <subfield code="a">(OCoLC)ocm15605269</subfield>
  </datafield>
  <datafield tag="906" ind1=" " ind2=" ">
    <subfield code="a">0</subfield>
    <subfield code="b">cbc</subfield>
    <subfield code="c">copycat</subfield>
    <subfield code="d">3</subfield>
    <subfield code="e">ncip</subfield>
    <subfield code="f">19</subfield>
    <subfield code="g">y-soundrec</subfield>
  </datafield>
  <datafield tag="010" ind1=" " ind2=" ">
    <subfield code="a">   99577024 </subfield>
  </datafield>
  <datafield tag="028" ind1="0" ind2="1">
    <subfield code="a">CMT-1043</subfield>
    <subfield code="b">Camerata</subfield>
  </datafield>
  <datafield tag="040" ind1=" " ind2=" ">
    <subfield code="a">DLC</subfield>
    <subfield code="c">CFS</subfield>
    <subfield code="d">DLC</subfield>
  </datafield>
  <datafield tag="042" ind1=" " ind2=" ">
    <subfield code="a">lcderive</subfield>
  </datafield>
  <datafield tag="050" ind1="0" ind2="0">
    <subfield code="a">Camerata CMT-1043</subfield>
  </datafield>
  <datafield tag="100" ind1="1" ind2=" ">
    <subfield code="a">Chopin, Frďřic,</subfield>
    <subfield code="d">1810-1849.</subfield>
  </datafield>
  <datafield tag="240" ind1="1" ind2="0">
    <subfield code="a">Sonatas,</subfield>
    <subfield code="m">piano,</subfield>
    <subfield code="n">no. 2, op. 35,</subfield>
    <subfield code="r">Bb minor</subfield>
  </datafield>
  <datafield tag="245" ind1="0" ind2="0">
    <subfield code="a">Piano sonata no. 2 &amp; 3</subfield>
    <subfield code="h">sound recording /</subfield>
    <subfield code="c">Chopin.</subfield>
  </datafield>
  <datafield tag="260" ind1=" " ind2=" ">
    <subfield code="a">Tokyo, Japan :</subfield>
    <subfield code="b">Camerata,</subfield>
    <subfield code="c">p1981.</subfield>
  </datafield>
  <datafield tag="300" ind1=" " ind2=" ">
    <subfield code="a">1 sound disc :</subfield>
    <subfield code="b">analog, 33£/3 rpm, stereo. ;</subfield>
    <subfield code="c">12 in.</subfield>
  </datafield>
  <datafield tag="511" ind1="0" ind2=" ">
    <subfield code="a">Michael Ponti, piano.</subfield>
  </datafield>
  <datafield tag="518" ind1=" " ind2=" ">
    <subfield code="a">Recorded May 1980 in Imaichi Public Hall [Tokyo]</subfield>
  </datafield>
  <datafield tag="650" ind1=" " ind2="0">
    <subfield code="a">Sonatas (Piano)</subfield>
  </datafield>
  <datafield tag="700" ind1="1" ind2=" ">
    <subfield code="a">Ponti, Michael.</subfield>
    <subfield code="4">prf</subfield>
  </datafield>
  <datafield tag="700" ind1="1" ind2="2">
    <subfield code="a">Chopin, Frďřic,</subfield>
    <subfield code="d">1810-1849.</subfield>
    <subfield code="t">Sonatas,</subfield>
    <subfield code="m">piano,</subfield>
    <subfield code="n">no. 3, op. 58,</subfield>
    <subfield code="r">B minor.</subfield>
  </datafield>
  <datafield tag="985" ind1=" " ind2=" ">
    <subfield code="c">OCLC</subfield>
    <subfield code="e">Claimed Recordings</subfield>
  </datafield>
</record>