
<record>
  <leader>01802cjm a2200409 a 4500</leader>
  <controlfield tag="001">5736456</controlfield>
  <controlfield tag="005">19970702142328.6</controlfield>
  <controlfield tag="007">sdubsmennmplue</controlfield>
  <controlfield tag="008">950615s1975    pl snn                   </controlfield>
  <datafield tag="035" ind1=" " ind2=" ">
    <subfield code="9">(DLC)   95703322</subfield>
  </datafield>
  <datafield tag="906" ind1=" " ind2=" ">
    <subfield code="a">7</subfield>
    <subfield code="b">cbc</subfield>
    <subfield code="c">orignew</subfield>
    <subfield code="d">3</subfield>
    <subfield code="e">ncip</subfield>
    <subfield code="f">19</subfield>
    <subfield code="g">y-genmusic</subfield>
  </datafield>
  <datafield tag="010" ind1=" " ind2=" ">
    <subfield code="a">   95703322 </subfield>
  </datafield>
  <datafield tag="028" ind1="0" ind2="2">
    <subfield code="a">SX 1338</subfield>
    <subfield code="b">Muza</subfield>
  </datafield>
  <datafield tag="033" ind1="0" ind2=" ">
    <subfield code="a">1975----</subfield>
    <subfield code="b">6524</subfield>
    <subfield code="c">W3</subfield>
  </datafield>
  <datafield tag="040" ind1=" " ind2=" ">
    <subfield code="a">DLC</subfield>
    <subfield code="c">DLC</subfield>
    <subfield code="d">DLC</subfield>
  </datafield>
  <datafield tag="043" ind1=" " ind2=" ">
    <subfield code="a">e-pl---</subfield>
  </datafield>
  <datafield tag="050" ind1="0" ind2="0">
    <subfield code="a">Muza SX 1338</subfield>
  </datafield>
  <datafield tag="100" ind1="1" ind2=" ">
    <subfield code="a">Chopin, Frďřic,</subfield>
    <subfield code="d">1810-1849.</subfield>
  </datafield>
  <datafield tag="240" ind1="1" ind2="0">
    <subfield code="a">Piano music.</subfield>
    <subfield code="k">Selections</subfield>
  </datafield>
  <datafield tag="245" ind1="0" ind2="0">
    <subfield code="a">Sonata b-moll op. 35</subfield>
    <subfield code="h">[sound recording] :</subfield>
    <subfield code="b">Etiudy : cis-moll op. 10 nr 4, e-moll op. 25 nr 5, h-moll op. 25 nr 10 ; Walc As-dur op. 42 /</subfield>
    <subfield code="c">Fryderyk Chopin.</subfield>
  </datafield>
  <datafield tag="260" ind1=" " ind2=" ">
    <subfield code="a">[Warsaw] :</subfield>
    <subfield code="b">Muza,</subfield>
    <subfield code="c">[1975?]</subfield>
  </datafield>
  <datafield tag="300" ind1=" " ind2=" ">
    <subfield code="a">1 sound disc :</subfield>
    <subfield code="b">analog, 33 1/3 rpm, stereo. ;</subfield>
    <subfield code="c">12 in.</subfield>
  </datafield>
  <datafield tag="440" ind1=" " ind2="0">
    <subfield code="a">Kronika konkursu</subfield>
  </datafield>
  <datafield tag="500" ind1=" " ind2=" ">
    <subfield code="a">On label: IX Miedzynarodowy Konkurs im. F. Chopina--Warsaw 1975 = The IX International Chopin Piano Competition--Warsaw.</subfield>
  </datafield>
  <datafield tag="511" ind1="0" ind2=" ">
    <subfield code="a">John Hendrickson, piano.</subfield>
  </datafield>
  <datafield tag="518" ind1=" " ind2=" ">
    <subfield code="a">Recorded at the F. Chopin International Competition, Philharmonic Hall, Warsaw, 1975.</subfield>
  </datafield>
  <datafield tag="650" ind1=" " ind2="0">
    <subfield code="a">Sonatas (Piano)</subfield>
  </datafield>
  <datafield tag="650" ind1=" " ind2="0">
    <subfield code="a">Piano music.</subfield>
  </datafield>
  <datafield tag="700" ind1="1" ind2=" ">
    <subfield code="a">Hendrickson, John,</subfield>
    <subfield code="d">1956-</subfield>
    <subfield code="4">prf</subfield>
  </datafield>
  <datafield tag="700" ind1="1" ind2="2">
    <subfield code="a">Chopin, Frďřic,</subfield>
    <subfield code="d">1810-1849.</subfield>
    <subfield code="t">Sonatas,</subfield>
    <subfield code="m">piano,</subfield>
    <subfield code="n">no. 2, op. 35,</subfield>
    <subfield code="r">Bb minor.</subfield>
  </datafield>
  <datafield tag="700" ind1="1" ind2="2">
    <subfield code="a">Chopin, Frďřic,</subfield>
    <subfield code="d">1810-1849.</subfield>
    <subfield code="t">Etudes,</subfield>
    <subfield code="m">piano,</subfield>
    <subfield code="n">op. 10.</subfield>
    <subfield code="n">No. 4.</subfield>
  </datafield>
  <datafield tag="700" ind1="1" ind2="2">
    <subfield code="a">Chopin, Frďřic,</subfield>
    <subfield code="d">1810-1849.</subfield>
    <subfield code="t">Etudes,</subfield>
    <subfield code="m">piano,</subfield>
    <subfield code="n">op. 25.</subfield>
    <subfield code="n">No. 5.</subfield>
  </datafield>
  <datafield tag="700" ind1="1" ind2="2">
    <subfield code="a">Chopin, Frďřic,</subfield>
    <subfield code="d">1810-1849.</subfield>
    <subfield code="t">Etudes,</subfield>
    <subfield code="m">piano,</subfield>
    <subfield code="n">op. 25.</subfield>
    <subfield code="n">No. 10.</subfield>
  </datafield>
  <datafield tag="700" ind1="1" ind2="2">
    <subfield code="a">Chopin, Frďřic,</subfield>
    <subfield code="d">1810-1849.</subfield>
    <subfield code="t">Waltzes,</subfield>
    <subfield code="m">piano,</subfield>
    <subfield code="n">op. 42,</subfield>
    <subfield code="r">Ab major.</subfield>
  </datafield>
  <datafield tag="711" ind1="2" ind2=" ">
    <subfield code="a">Frederic Chopin International Competition</subfield>
    <subfield code="n">(9th :</subfield>
    <subfield code="d">1975 :</subfield>
    <subfield code="c">Warsaw, Poland)</subfield>
  </datafield>
  <datafield tag="953" ind1=" " ind2=" ">
    <subfield code="a">TA28</subfield>
  </datafield>
  <datafield tag="991" ind1=" " ind2=" ">
    <subfield code="b">c-RecSound</subfield>
    <subfield code="h">Muza SX 1338</subfield>
    <subfield code="w">MUSIC</subfield>
  </datafield>
</record>