
<record>
  <leader>01645cjm a22004214a 4500</leader>
  <controlfield tag="001">12780707</controlfield>
  <controlfield tag="005">20020618093104.0</controlfield>
  <controlfield tag="007">sd|dmsdnnmslub</controlfield>
  <controlfield tag="008">020517s1931    njusnn   z               </controlfield>
  <datafield tag="906" ind1=" " ind2=" ">
    <subfield code="a">7</subfield>
    <subfield code="b">cbc</subfield>
    <subfield code="c">orignew</subfield>
    <subfield code="d">4</subfield>
    <subfield code="e">ncip</subfield>
    <subfield code="f">20</subfield>
    <subfield code="g">y-genmusic</subfield>
  </datafield>
  <datafield tag="925" ind1="0" ind2=" ">
    <subfield code="a">acquire</subfield>
    <subfield code="b">2 shelf copies</subfield>
    <subfield code="x">policy default</subfield>
  </datafield>
  <datafield tag="955" ind1=" " ind2=" ">
    <subfield code="a">vk00 2002-05-17</subfield>
    <subfield code="i">vk03 2002-05-17</subfield>
    <subfield code="e">vk03 2002-05-17 to MBRS</subfield>
    <subfield code="e">vk03 2002-06-18 added copies 3 and 4 to MBRS</subfield>
  </datafield>
  <datafield tag="010" ind1=" " ind2=" ">
    <subfield code="a">  2002580924</subfield>
  </datafield>
  <datafield tag="028" ind1="0" ind2="2">
    <subfield code="a">M 95</subfield>
    <subfield code="b">Victrola (set : manual sequence)</subfield>
  </datafield>
  <datafield tag="028" ind1="0" ind2="0">
    <subfield code="a">1489</subfield>
    <subfield code="b">Victrola</subfield>
  </datafield>
  <datafield tag="028" ind1="0" ind2="0">
    <subfield code="a">1490</subfield>
    <subfield code="b">Victrola</subfield>
  </datafield>
  <datafield tag="028" ind1="0" ind2="0">
    <subfield code="a">1491</subfield>
    <subfield code="b">Victrola</subfield>
  </datafield>
  <datafield tag="028" ind1="0" ind2="0">
    <subfield code="a">1492</subfield>
    <subfield code="b">Victrola</subfield>
  </datafield>
  <datafield tag="028" ind1="0" ind2="0">
    <subfield code="a">AM 95</subfield>
    <subfield code="b">Victrola (set : automatic sequence)</subfield>
  </datafield>
  <datafield tag="040" ind1=" " ind2=" ">
    <subfield code="a">DLC</subfield>
    <subfield code="c">DLC</subfield>
  </datafield>
  <datafield tag="042" ind1=" " ind2=" ">
    <subfield code="a">pcc</subfield>
  </datafield>
  <datafield tag="050" ind1="0" ind2="0">
    <subfield code="a">RBA 08034-08037</subfield>
  </datafield>
  <datafield tag="051" ind1=" " ind2=" ">
    <subfield code="a">RBA 08038-08041</subfield>
    <subfield code="c">Automatic sequence.</subfield>
  </datafield>
  <datafield tag="100" ind1="1" ind2=" ">
    <subfield code="a">Chopin, Frďřic,</subfield>
    <subfield code="d">1810-1849.</subfield>
  </datafield>
  <datafield tag="240" ind1="1" ind2="0">
    <subfield code="a">Sonatas,</subfield>
    <subfield code="m">piano,</subfield>
    <subfield code="n">no. 2, op. 35,</subfield>
    <subfield code="r">Bb minor</subfield>
  </datafield>
  <datafield tag="245" ind1="0" ind2="0">
    <subfield code="a">Sonata in B flat minor (op. 35)</subfield>
    <subfield code="h">[sound recording] /</subfield>
    <subfield code="c">Chopin. Waltz in E minor (posthumous) / Chopin.</subfield>
  </datafield>
  <datafield tag="260" ind1=" " ind2=" ">
    <subfield code="a">Camden, N.J. :</subfield>
    <subfield code="b">Victrola,</subfield>
    <subfield code="c">[1931?]</subfield>
  </datafield>
  <datafield tag="300" ind1=" " ind2=" ">
    <subfield code="a">4 sound discs :</subfield>
    <subfield code="b">analog, 78 rpm ;</subfield>
    <subfield code="c">10 in.</subfield>
  </datafield>
  <datafield tag="440" ind1=" " ind2="0">
    <subfield code="a">Musical masterpieces on Victor Records</subfield>
  </datafield>
  <datafield tag="511" ind1="0" ind2=" ">
    <subfield code="a">Sergei Rachmaninoff, piano.</subfield>
  </datafield>
  <datafield tag="500" ind1=" " ind2=" ">
    <subfield code="a">Includes notes (11 p.) inserted.</subfield>
  </datafield>
  <datafield tag="650" ind1=" " ind2="0">
    <subfield code="a">Sonatas (Piano)</subfield>
  </datafield>
  <datafield tag="650" ind1=" " ind2="0">
    <subfield code="a">Waltzes.</subfield>
  </datafield>
  <datafield tag="650" ind1=" " ind2="0">
    <subfield code="a">Piano music.</subfield>
  </datafield>
  <datafield tag="700" ind1="1" ind2=" ">
    <subfield code="a">Rachmaninoff, Sergei,</subfield>
    <subfield code="d">1873-1943.</subfield>
    <subfield code="4">prf</subfield>
  </datafield>
  <datafield tag="700" ind1="1" ind2="2">
    <subfield code="a">Chopin, Frďřic,</subfield>
    <subfield code="d">1810-1849.</subfield>
    <subfield code="t">Waltzes,</subfield>
    <subfield code="m">piano,</subfield>
    <subfield code="n">B. 56,</subfield>
    <subfield code="r">E minor.</subfield>
  </datafield>
  <datafield tag="952" ind1=" " ind2=" ">
    <subfield code="a">Issue date from Steven Barr&apos;s The almost complete 78 rpm record dating guide.</subfield>
  </datafield>
  <datafield tag="952" ind1=" " ind2=" ">
    <subfield code="a">AM set side sequence: 1-8, 2-7, 3-6, 4-5.</subfield>
  </datafield>
</record>