
<record>
  <leader>01392cjm a2200397 a 4500</leader>
  <controlfield tag="001">5586212</controlfield>
  <controlfield tag="005">19870417000000.0</controlfield>
  <controlfield tag="007">sdubsmennmplu</controlfield>
  <controlfield tag="008">840319s1959    pl snn                   </controlfield>
  <datafield tag="035" ind1=" " ind2=" ">
    <subfield code="9">(DLC)   84756061</subfield>
  </datafield>
  <datafield tag="906" ind1=" " ind2=" ">
    <subfield code="a">7</subfield>
    <subfield code="b">cbc</subfield>
    <subfield code="c">orignew</subfield>
    <subfield code="d">3</subfield>
    <subfield code="e">ncip</subfield>
    <subfield code="f">19</subfield>
    <subfield code="g">y-genmusic</subfield>
  </datafield>
  <datafield tag="010" ind1=" " ind2=" ">
    <subfield code="a">   84756061 </subfield>
  </datafield>
  <datafield tag="028" ind1="0" ind2="2">
    <subfield code="a">SX 0059</subfield>
    <subfield code="b">Muza</subfield>
  </datafield>
  <datafield tag="033" ind1="0" ind2=" ">
    <subfield code="a">1959----</subfield>
    <subfield code="b">6524</subfield>
    <subfield code="c">W3</subfield>
  </datafield>
  <datafield tag="040" ind1=" " ind2=" ">
    <subfield code="a">DLC</subfield>
    <subfield code="c">DLC</subfield>
    <subfield code="d">DLC</subfield>
  </datafield>
  <datafield tag="045" ind1="1" ind2=" ">
    <subfield code="b">d1839</subfield>
    <subfield code="b">d1844</subfield>
  </datafield>
  <datafield tag="048" ind1=" " ind2=" ">
    <subfield code="a">ka01</subfield>
  </datafield>
  <datafield tag="050" ind1="1" ind2="0">
    <subfield code="a">M23</subfield>
  </datafield>
  <datafield tag="050" ind1="0" ind2="0">
    <subfield code="a">Muza SX 0059</subfield>
  </datafield>
  <datafield tag="100" ind1="1" ind2=" ">
    <subfield code="a">Chopin, Frďřic,</subfield>
    <subfield code="d">1810-1849.</subfield>
  </datafield>
  <datafield tag="240" ind1="1" ind2="0">
    <subfield code="a">Sonatas,</subfield>
    <subfield code="m">piano,</subfield>
    <subfield code="n">no. 2, op. 35,</subfield>
    <subfield code="r">Bb minor</subfield>
  </datafield>
  <datafield tag="245" ind1="0" ind2="0">
    <subfield code="a">Sonaty</subfield>
    <subfield code="h">[sound recording] =</subfield>
    <subfield code="b">Sonatas /</subfield>
    <subfield code="c">Fryderyk Chopin.</subfield>
  </datafield>
  <datafield tag="260" ind1=" " ind2=" ">
    <subfield code="a">Warszawa :</subfield>
    <subfield code="b">Muza,</subfield>
    <subfield code="c">[1959?]</subfield>
  </datafield>
  <datafield tag="300" ind1=" " ind2=" ">
    <subfield code="a">1 sound disc :</subfield>
    <subfield code="b">33 1/3 rpm, stereo. ;</subfield>
    <subfield code="c">12 in.</subfield>
  </datafield>
  <datafield tag="490" ind1="1" ind2=" ">
    <subfield code="a">Dziela wszystkie =</subfield>
    <subfield code="a">Complete works / Fryderyk Chopin</subfield>
  </datafield>
  <datafield tag="500" ind1=" " ind2=" ">
    <subfield code="a">Title from container.</subfield>
  </datafield>
  <datafield tag="511" ind1="0" ind2=" ">
    <subfield code="a">Jan Ekier, piano.</subfield>
  </datafield>
  <datafield tag="518" ind1=" " ind2=" ">
    <subfield code="a">Recorded 1959, Filharmonia Narodowa, Warsaw.</subfield>
  </datafield>
  <datafield tag="505" ind1="0" ind2=" ">
    <subfield code="a">Sonata b-moll op. 35 -- Sonata h-moll op. 58.</subfield>
  </datafield>
  <datafield tag="650" ind1=" " ind2="0">
    <subfield code="a">Sonatas (Piano)</subfield>
  </datafield>
  <datafield tag="700" ind1="1" ind2=" ">
    <subfield code="a">Ekier, Jan.</subfield>
    <subfield code="4">prf</subfield>
  </datafield>
  <datafield tag="700" ind1="1" ind2="2">
    <subfield code="a">Chopin, Frďřic,</subfield>
    <subfield code="d">1810-1849.</subfield>
    <subfield code="t">Sonatas,</subfield>
    <subfield code="m">piano,</subfield>
    <subfield code="n">no. 3, op. 58,</subfield>
    <subfield code="r">B minor.</subfield>
    <subfield code="f">1959.</subfield>
  </datafield>
  <datafield tag="800" ind1="1" ind2=" ">
    <subfield code="a">Chopin, Frďřic,</subfield>
    <subfield code="d">1810-1849.</subfield>
    <subfield code="t">Works.</subfield>
    <subfield code="f">1959.</subfield>
  </datafield>
  <datafield tag="952" ind1=" " ind2=" ">
    <subfield code="a">Changed 240 and 70012 back to include serial nos.--vk06 4-17-87</subfield>
  </datafield>
  <datafield tag="953" ind1=" " ind2=" ">
    <subfield code="a">TA28</subfield>
  </datafield>
  <datafield tag="991" ind1=" " ind2=" ">
    <subfield code="b">c-RecSound</subfield>
    <subfield code="h">Muza SX 0059</subfield>
    <subfield code="w">MUSIC</subfield>
  </datafield>
</record>