
<record>
  <leader>01693cjm a22003971a 4500</leader>
  <controlfield tag="001">5584679</controlfield>
  <controlfield tag="005">19900725124244.9</controlfield>
  <controlfield tag="007">sdubsmennmplu</controlfield>
  <controlfield tag="008">881213p19801977fr mun                   </controlfield>
  <datafield tag="035" ind1=" " ind2=" ">
    <subfield code="9">(DLC)   83753059</subfield>
  </datafield>
  <datafield tag="906" ind1=" " ind2=" ">
    <subfield code="a">7</subfield>
    <subfield code="b">cbc</subfield>
    <subfield code="c">orignew</subfield>
    <subfield code="d">2</subfield>
    <subfield code="e">ncip</subfield>
    <subfield code="f">19</subfield>
    <subfield code="g">y-genmusic</subfield>
  </datafield>
  <datafield tag="010" ind1=" " ind2=" ">
    <subfield code="a">   83753059 </subfield>
  </datafield>
  <datafield tag="028" ind1="0" ind2="2">
    <subfield code="a">0377-005</subfield>
    <subfield code="b">Syrinx</subfield>
  </datafield>
  <datafield tag="033" ind1="2" ind2=" ">
    <subfield code="a">19770404</subfield>
    <subfield code="a">19770409</subfield>
    <subfield code="b">5834</subfield>
    <subfield code="c">M4</subfield>
  </datafield>
  <datafield tag="040" ind1=" " ind2=" ">
    <subfield code="a">DLC</subfield>
    <subfield code="c">DLC</subfield>
    <subfield code="d">DLC</subfield>
  </datafield>
  <datafield tag="047" ind1=" " ind2=" ">
    <subfield code="a">sn</subfield>
    <subfield code="a">mz</subfield>
  </datafield>
  <datafield tag="048" ind1=" " ind2=" ">
    <subfield code="a">ka01</subfield>
  </datafield>
  <datafield tag="050" ind1="0" ind2="0">
    <subfield code="a">Syrinx 0377-005</subfield>
  </datafield>
  <datafield tag="100" ind1="1" ind2=" ">
    <subfield code="a">Chopin, Frďřic,</subfield>
    <subfield code="d">1810-1849.</subfield>
  </datafield>
  <datafield tag="240" ind1="1" ind2="0">
    <subfield code="a">Piano music.</subfield>
    <subfield code="k">Selections</subfield>
  </datafield>
  <datafield tag="245" ind1="1" ind2="0">
    <subfield code="a">Pierre Pradier joue Chopin</subfield>
    <subfield code="h">[sound recording].</subfield>
  </datafield>
  <datafield tag="260" ind1=" " ind2=" ">
    <subfield code="a">Marseille :</subfield>
    <subfield code="b">Syrinx,</subfield>
    <subfield code="c">[ca. 1980]</subfield>
  </datafield>
  <datafield tag="300" ind1=" " ind2=" ">
    <subfield code="a">1 sound disc :</subfield>
    <subfield code="b">analog, 33 1/3 rpm, stereo. ;</subfield>
    <subfield code="c">12 in.</subfield>
  </datafield>
  <datafield tag="511" ind1="0" ind2=" ">
    <subfield code="a">Pierre Pradier, piano.</subfield>
  </datafield>
  <datafield tag="518" ind1=" " ind2=" ">
    <subfield code="a">Recorded in the Salle d&apos;orgue in the Conservatoire de Marseille, Apr. 4-9, 1977.</subfield>
  </datafield>
  <datafield tag="505" ind1="0" ind2=" ">
    <subfield code="a">Sonate no 2 en sib mineur, op. 35 : Funb̈re (20:50) -- Six mazurkas: Do dis̈e mineur op. 63 no. 3 (2:11) ; Fa mineur op. 7 no 3 (2:36) ; La mineur op. 67 no 4 (3:47) ; Mi mineur op. 17 no 2 (2:06) ; Sol mineur op. 67 no 2 (1:53) ; Fa mineur op. 68 no 4 (3:10) -- Barcarolle op. 60 (9:55).</subfield>
  </datafield>
  <datafield tag="650" ind1=" " ind2="0">
    <subfield code="a">Sonatas (Piano)</subfield>
  </datafield>
  <datafield tag="650" ind1=" " ind2="0">
    <subfield code="a">Piano music.</subfield>
  </datafield>
  <datafield tag="650" ind1=" " ind2="0">
    <subfield code="a">Mazurkas.</subfield>
  </datafield>
  <datafield tag="700" ind1="1" ind2=" ">
    <subfield code="a">Pradier, Pierre,</subfield>
    <subfield code="d">1948- </subfield>
    <subfield code="4">prf</subfield>
  </datafield>
  <datafield tag="700" ind1="1" ind2="2">
    <subfield code="a">Chopin, Frďřic,</subfield>
    <subfield code="d">1810-1849.</subfield>
    <subfield code="t">Sonatas,</subfield>
    <subfield code="m">piano,</subfield>
    <subfield code="n">no. 2, op. 35,</subfield>
    <subfield code="r">Bb minor.</subfield>
    <subfield code="f">1980.</subfield>
  </datafield>
  <datafield tag="700" ind1="1" ind2="2">
    <subfield code="a">Chopin, Frďřic,</subfield>
    <subfield code="d">1810-1849.</subfield>
    <subfield code="t">Mazurkas,</subfield>
    <subfield code="m">piano.</subfield>
    <subfield code="k">Selections.</subfield>
    <subfield code="f">1980.</subfield>
  </datafield>
  <datafield tag="700" ind1="1" ind2="2">
    <subfield code="a">Chopin, Frďřic,</subfield>
    <subfield code="d">1810-1849.</subfield>
    <subfield code="t">Barcarolle,</subfield>
    <subfield code="m">piano,</subfield>
    <subfield code="n">op. 60,</subfield>
    <subfield code="r">F# major.</subfield>
    <subfield code="f">1980.</subfield>
  </datafield>
  <datafield tag="952" ind1=" " ind2=" ">
    <subfield code="a">vk00 155 07-25-90</subfield>
  </datafield>
  <datafield tag="953" ind1=" " ind2=" ">
    <subfield code="a">TA28</subfield>
  </datafield>
  <datafield tag="991" ind1=" " ind2=" ">
    <subfield code="b">c-RecSound</subfield>
    <subfield code="h">Syrinx 0377-005</subfield>
    <subfield code="w">MUSIC</subfield>
  </datafield>
</record>