
<record>
  <leader>01663njm a2200421 a 4500</leader>
  <controlfield tag="001">5604935</controlfield>
  <controlfield tag="005">19880201000000.0</controlfield>
  <controlfield tag="007">sdubsmennmplu</controlfield>
  <controlfield tag="008">870825p19821979pl mun                   </controlfield>
  <datafield tag="035" ind1=" " ind2=" ">
    <subfield code="9">(DLC)   87753334</subfield>
  </datafield>
  <datafield tag="906" ind1=" " ind2=" ">
    <subfield code="a">7</subfield>
    <subfield code="b">cbc</subfield>
    <subfield code="c">orignew</subfield>
    <subfield code="d">3</subfield>
    <subfield code="e">ncip</subfield>
    <subfield code="f">19</subfield>
    <subfield code="g">y-genmusic</subfield>
  </datafield>
  <datafield tag="010" ind1=" " ind2=" ">
    <subfield code="a">   87753334 </subfield>
  </datafield>
  <datafield tag="028" ind1="0" ind2="2">
    <subfield code="a">LP-015</subfield>
    <subfield code="b">Wifon</subfield>
  </datafield>
  <datafield tag="028" ind1="0" ind2="0">
    <subfield code="a">NK-557</subfield>
    <subfield code="b">Wifon</subfield>
  </datafield>
  <datafield tag="033" ind1="2" ind2=" ">
    <subfield code="a">19790216</subfield>
    <subfield code="a">19790218</subfield>
    <subfield code="b">6524</subfield>
    <subfield code="c">W3</subfield>
  </datafield>
  <datafield tag="040" ind1=" " ind2=" ">
    <subfield code="a">DLC</subfield>
    <subfield code="c">DLC</subfield>
    <subfield code="d">DLC</subfield>
  </datafield>
  <datafield tag="047" ind1=" " ind2=" ">
    <subfield code="a">sn</subfield>
    <subfield code="a">mz</subfield>
    <subfield code="a">nc</subfield>
  </datafield>
  <datafield tag="048" ind1=" " ind2=" ">
    <subfield code="a">ka01</subfield>
  </datafield>
  <datafield tag="050" ind1="1" ind2="0">
    <subfield code="a">M22</subfield>
  </datafield>
  <datafield tag="050" ind1="0" ind2="0">
    <subfield code="a">Wifon LP-015</subfield>
  </datafield>
  <datafield tag="100" ind1="1" ind2=" ">
    <subfield code="a">Chopin, Frďřic,</subfield>
    <subfield code="d">1810-1849.</subfield>
  </datafield>
  <datafield tag="240" ind1="1" ind2="0">
    <subfield code="a">Piano music.</subfield>
    <subfield code="k">Selections</subfield>
  </datafield>
  <datafield tag="245" ind1="0" ind2="0">
    <subfield code="a">II sonata b-moll op. 35 ; 4 mazurki op. 17 ; Nokturn c-moll op. 48 nr. 1 ; III scherzo cis-moll op. 39</subfield>
    <subfield code="h">[sound recording] /</subfield>
    <subfield code="c">Fryderyk Chopin.</subfield>
  </datafield>
  <datafield tag="260" ind1=" " ind2=" ">
    <subfield code="a">Warszawa :</subfield>
    <subfield code="b">Wifon,</subfield>
    <subfield code="c">p1982.</subfield>
  </datafield>
  <datafield tag="300" ind1=" " ind2=" ">
    <subfield code="a">1 sound disc :</subfield>
    <subfield code="b">analog, 33 1/3 rpm, stereo. ;</subfield>
    <subfield code="c">12 in.</subfield>
  </datafield>
  <datafield tag="306" ind1=" " ind2=" ">
    <subfield code="a">002545</subfield>
    <subfield code="a">001300</subfield>
    <subfield code="a">000535</subfield>
    <subfield code="a">000715</subfield>
  </datafield>
  <datafield tag="511" ind1="0" ind2=" ">
    <subfield code="a">Bogdan Czapiewski, piano.</subfield>
  </datafield>
  <datafield tag="518" ind1=" " ind2=" ">
    <subfield code="a">Recorded Feb. 16-18, 1979, Concert Hall of the Warsaw National Philharmonic.</subfield>
  </datafield>
  <datafield tag="500" ind1=" " ind2=" ">
    <subfield code="a">Durations: 25:45; 13:00; 5:35; 7:15.</subfield>
  </datafield>
  <datafield tag="500" ind1=" " ind2=" ">
    <subfield code="a">Issued also as cassette: NK-557.</subfield>
  </datafield>
  <datafield tag="650" ind1=" " ind2="0">
    <subfield code="a">Piano music.</subfield>
  </datafield>
  <datafield tag="700" ind1="1" ind2=" ">
    <subfield code="a">Czapiewski, Bogdan.</subfield>
    <subfield code="4">prf</subfield>
  </datafield>
  <datafield tag="700" ind1="1" ind2="2">
    <subfield code="a">Chopin, Frďřic,</subfield>
    <subfield code="d">1810-1849.</subfield>
    <subfield code="t">Sonatas,</subfield>
    <subfield code="m">piano,</subfield>
    <subfield code="n">no. 2, op. 35,</subfield>
    <subfield code="r">Bb minor.</subfield>
    <subfield code="f">1982.</subfield>
  </datafield>
  <datafield tag="700" ind1="1" ind2="2">
    <subfield code="a">Chopin, Frďřic,</subfield>
    <subfield code="d">1810-1849.</subfield>
    <subfield code="t">Mazurkas,</subfield>
    <subfield code="m">piano,</subfield>
    <subfield code="n">op. 17.</subfield>
    <subfield code="f">1982</subfield>
  </datafield>
  <datafield tag="700" ind1="1" ind2="2">
    <subfield code="a">Chopin, Frďřic,</subfield>
    <subfield code="d">1810-1849.</subfield>
    <subfield code="t">Nocturnes,</subfield>
    <subfield code="m">piano,</subfield>
    <subfield code="n">op. 48.</subfield>
    <subfield code="n">No. 1.</subfield>
    <subfield code="f">1982.</subfield>
  </datafield>
  <datafield tag="700" ind1="1" ind2="2">
    <subfield code="a">Chopin, Frďřic,</subfield>
    <subfield code="d">1810-1849.</subfield>
    <subfield code="t">Scherzos,</subfield>
    <subfield code="m">piano,</subfield>
    <subfield code="n">no. 3, op. 39,</subfield>
    <subfield code="r">C# minor.</subfield>
    <subfield code="f">1982.</subfield>
  </datafield>
  <datafield tag="953" ind1=" " ind2=" ">
    <subfield code="a">TA28</subfield>
  </datafield>
  <datafield tag="991" ind1=" " ind2=" ">
    <subfield code="b">c-RecSound</subfield>
    <subfield code="h">Wifon LP-015</subfield>
    <subfield code="w">MUSIC</subfield>
  </datafield>
</record>